<?xml version="1.0" encoding="UTF-8"?>
<record>
  <leader>01099nam#a2200277#c#4500</leader>
  <controlfield tag="005">20220531095600.0</controlfield>
  <controlfield tag="007">tu</controlfield>
  <controlfield tag="008">960604|1954####xx#######l####|||#|#####c</controlfield>
  <controlfield tag="003">DE-605</controlfield>
  <controlfield tag="001">990021974470206441</controlfield>
  <datafield tag="016" ind1="7" ind2=" ">
    <subfield code="a">1067969357</subfield>
    <subfield code="2">OCoLC</subfield>
  </datafield>
  <datafield tag="035" ind1=" " ind2=" ">
    <subfield code="a">(DE-605)HT005271161</subfield>
  </datafield>
  <datafield tag="040" ind1=" " ind2=" ">
    <subfield code="c">DE-605</subfield>
    <subfield code="a">361</subfield>
    <subfield code="b">ger</subfield>
    <subfield code="e">rakwb</subfield>
    <subfield code="d">DE-605</subfield>
  </datafield>
  <datafield tag="130" ind1="0" ind2=" ">
    <subfield code="a">Sovetskoe administrativnoe pravo</subfield>
    <subfield code="g">dt.</subfield>
  </datafield>
  <datafield tag="245" ind1="1" ind2="0">
    <subfield code="a">Sowjetisches Verwaltungsrecht</subfield>
    <subfield code="b">allg. Teil</subfield>
    <subfield code="c">Unionsinstitut der Rechtswissenschaften beim Ministerium der Justiz der UdSSR. Hrsg. d. Übers.: Deutsches Institut für Rechtswissenschaft. S. S. Studenikin ...</subfield>
  </datafield>
  <datafield tag="264" ind1=" " ind2="1">
    <subfield code="a">Berlin</subfield>
    <subfield code="b">Dt. Zentralverl.</subfield>
    <subfield code="c">1954</subfield>
  </datafield>
  <datafield tag="300" ind1=" " ind2=" ">
    <subfield code="a">295 S.</subfield>
  </datafield>
  <datafield tag="689" ind1="0" ind2="0">
    <subfield code="a">Sowjetunion</subfield>
    <subfield code="D">g</subfield>
    <subfield code="0">(DE-588)4077548-3</subfield>
    <subfield code="0">https://portal.dnb.de/opac.htm?method=simpleSearch&amp;cqlMode=true&amp;query=idn=040775488</subfield>
    <subfield code="0">http://viaf.org/viaf/sourceID/DNB|040775488</subfield>
    <subfield code="B">GND-040775488</subfield>
  </datafield>
  <datafield tag="689" ind1="0" ind2="1">
    <subfield code="a">Allgemeines Verwaltungsrecht</subfield>
    <subfield code="D">s</subfield>
    <subfield code="0">(DE-588)4117367-3</subfield>
    <subfield code="0">https://portal.dnb.de/opac.htm?method=simpleSearch&amp;cqlMode=true&amp;query=idn=041173678</subfield>
    <subfield code="0">http://viaf.org/viaf/sourceID/DNB|041173678</subfield>
    <subfield code="B">GND-041173678</subfield>
  </datafield>
  <datafield tag="964" ind1="0" ind2="s">
    <subfield code="F">051</subfield>
    <subfield code="A">ml||||||</subfield>
  </datafield>
  <datafield tag="964" ind1="0" ind2="i">
    <subfield code="I">marc-FMT via MAB2MARC</subfield>
    <subfield code="F">FMT</subfield>
    <subfield code="A">BK</subfield>
  </datafield>
  <datafield tag="964" ind1="0" ind2="s">
    <subfield code="F">030</subfield>
    <subfield code="A">a|1uc||||||37</subfield>
  </datafield>
  <datafield tag="964" ind1="0" ind2="s">
    <subfield code="F">050</subfield>
    <subfield code="A">a|||||||||||||</subfield>
  </datafield>
  <datafield tag="035" ind1=" " ind2=" ">
    <subfield code="a">(OCoLC)1067969357</subfield>
  </datafield>
  <datafield tag="700" ind1="1" ind2=" ">
    <subfield code="a">Studenikin, Semen Sevast'Janovič</subfield>
    <subfield code="4">oth</subfield>
  </datafield>
  <datafield tag="710" ind1="2" ind2=" ">
    <subfield code="a">Vsesojuznyj Institut Juridičeskich Nauk</subfield>
    <subfield code="g">Moskau</subfield>
    <subfield code="0">(DE-588)25723-0</subfield>
    <subfield code="4">oth</subfield>
    <subfield code="0">https://portal.dnb.de/opac.htm?method=simpleSearch&amp;cqlMode=true&amp;query=idn=000257230</subfield>
    <subfield code="0">http://viaf.org/viaf/sourceID/DNB|000257230</subfield>
    <subfield code="B">GND-000257230</subfield>
  </datafield>
  <datafield tag="710" ind1="2" ind2=" ">
    <subfield code="a">Deutsches Institut für Rechtswissenschaft</subfield>
    <subfield code="0">(DE-588)37156-7</subfield>
    <subfield code="4">oth</subfield>
    <subfield code="0">https://portal.dnb.de/opac.htm?method=simpleSearch&amp;cqlMode=true&amp;query=idn=000371564</subfield>
    <subfield code="0">http://viaf.org/viaf/sourceID/DNB|000371564</subfield>
    <subfield code="B">GND-000371564</subfield>
  </datafield>
  <datafield tag="MBD" ind1=" " ind2=" ">
    <subfield code="M">49HBZ_NETWORK</subfield>
    <subfield code="i">990021974470206441</subfield>
    <subfield code="n">HBZ Network</subfield>
  </datafield>
  <datafield tag="MBD" ind1=" " ind2=" ">
    <subfield code="M">49HBZ_UBA</subfield>
    <subfield code="i">991024886449706448</subfield>
    <subfield code="n">RWTH Aachen</subfield>
  </datafield>
  <datafield tag="MBD" ind1=" " ind2=" ">
    <subfield code="M">49HBZ_UBT</subfield>
    <subfield code="i">990007140090106470</subfield>
    <subfield code="n">UB Trier</subfield>
  </datafield>
  <datafield tag="MBD" ind1=" " ind2=" ">
    <subfield code="M">49HBZ_BIE</subfield>
    <subfield code="i">991022910019706442</subfield>
    <subfield code="n">Universität Bielefeld</subfield>
  </datafield>
  <datafield tag="MBD" ind1=" " ind2=" ">
    <subfield code="M">49HBZ_UBO</subfield>
    <subfield code="i">991002024569706471</subfield>
    <subfield code="n">Universität Bochum</subfield>
  </datafield>
  <datafield tag="MBD" ind1=" " ind2=" ">
    <subfield code="M">49HBZ_UBK</subfield>
    <subfield code="i">991053617719706476</subfield>
    <subfield code="n">Universität Köln</subfield>
  </datafield>
  <datafield tag="MBD" ind1=" " ind2=" ">
    <subfield code="M">49HBZ_ULM</subfield>
    <subfield code="i">991004881679706449</subfield>
    <subfield code="n">Universität Münster</subfield>
  </datafield>
  <datafield tag="MNG" ind1=" " ind2=" ">
    <subfield code="c">System</subfield>
    <subfield code="f">HBZ</subfield>
    <subfield code="i">marc21</subfield>
    <subfield code="h">20220531095600.0</subfield>
    <subfield code="k">01</subfield>
    <subfield code="e">false</subfield>
    <subfield code="d">2023-04-02 20:14:20 Europe/Berlin</subfield>
    <subfield code="g">002197447-HBZ01</subfield>
    <subfield code="j">60</subfield>
    <subfield code="a">import</subfield>
    <subfield code="b">2021-04-05 13:28:45 Europe/Berlin</subfield>
  </datafield>
  <datafield tag="H52" ind1="8" ind2=" ">
    <subfield code="b">604</subfield>
    <subfield code="c">0</subfield>
    <subfield code="8">22253806060006448</subfield>
  </datafield>
  <datafield tag="HOL" ind1=" " ind2=" ">
    <subfield code="b">2022-07-20 22:43:10</subfield>
    <subfield code="8">22253806060006448</subfield>
    <subfield code="M">49HBZ_UBA</subfield>
    <subfield code="g">false</subfield>
    <subfield code="a">import</subfield>
  </datafield>
  <datafield tag="ITM" ind1=" " ind2=" ">
    <subfield code="H">22253806060006448</subfield>
    <subfield code="x">0</subfield>
    <subfield code="f">BOOK</subfield>
    <subfield code="v">0</subfield>
    <subfield code="p">Praesenzexemplar</subfield>
    <subfield code="X">System</subfield>
    <subfield code="U">2022-07-20 12:59:00 Europe/Berlin</subfield>
    <subfield code="Y">2022-07-21 00:43:42 Europe/Berlin</subfield>
    <subfield code="h">false</subfield>
    <subfield code="n">604:Lp 1040</subfield>
    <subfield code="G">1</subfield>
    <subfield code="M">49HBZ_UBA</subfield>
    <subfield code="s">1</subfield>
    <subfield code="d">8</subfield>
    <subfield code="V">import</subfield>
    <subfield code="L">Interne Fusszeile: Inventarnummer: 529/76 N | Magazinetage: 0</subfield>
    <subfield code="b">604:016874</subfield>
    <subfield code="O">Ausleihzähler Migrationsjahr: 0 | Ausleihzähler Vor-Migrationsjahr: 0 | Ausleihzähler vorletztes Migrationsjahr: 0 | Vormerkzähler Migrationsjahr: 0 | Buchdaten-Aufnahmedatum: 2017-04-05</subfield>
    <subfield code="N">Fernleihkonditionen: 3</subfield>
    <subfield code="a">23253806030006448</subfield>
    <subfield code="t">8</subfield>
    <subfield code="W">2022-07-21 00:43:10 Europe/Berlin</subfield>
    <subfield code="u">604</subfield>
    <subfield code="w">604</subfield>
  </datafield>
  <datafield tag="H52" ind1="8" ind2=" ">
    <subfield code="b">T0011</subfield>
    <subfield code="c">MAG</subfield>
    <subfield code="h">r33034</subfield>
    <subfield code="8">22288625190006470</subfield>
  </datafield>
  <datafield tag="HOL" ind1=" " ind2=" ">
    <subfield code="b">2023-08-13 17:05:59</subfield>
    <subfield code="8">22288625190006470</subfield>
    <subfield code="M">49HBZ_UBT</subfield>
    <subfield code="g">false</subfield>
    <subfield code="a">import</subfield>
  </datafield>
  <datafield tag="ITM" ind1=" " ind2=" ">
    <subfield code="H">22288625190006470</subfield>
    <subfield code="x">MAG</subfield>
    <subfield code="f">BOOK</subfield>
    <subfield code="v">MAG</subfield>
    <subfield code="p">20</subfield>
    <subfield code="X">System</subfield>
    <subfield code="U">1996-03-05 11:59:00 Europe/Berlin</subfield>
    <subfield code="Y">2023-08-13 19:07:24 Europe/Berlin</subfield>
    <subfield code="h">false</subfield>
    <subfield code="n">r33034</subfield>
    <subfield code="M">49HBZ_UBT</subfield>
    <subfield code="s">1</subfield>
    <subfield code="d">8</subfield>
    <subfield code="V">import</subfield>
    <subfield code="b">0166.4021.80</subfield>
    <subfield code="a">23288625180006470</subfield>
    <subfield code="t">8</subfield>
    <subfield code="c">r33034</subfield>
    <subfield code="B">82 G 1791</subfield>
    <subfield code="D">20000217</subfield>
    <subfield code="W">1996-03-05 01:00:00 Europe/Berlin</subfield>
    <subfield code="u">T0011</subfield>
    <subfield code="w">T0011</subfield>
  </datafield>
  <datafield tag="H52" ind1="8" ind2=" ">
    <subfield code="b">UB_BI</subfield>
    <subfield code="c">11_Mono</subfield>
    <subfield code="h">KV315.5 S9V5</subfield>
    <subfield code="8">22252165960006442</subfield>
  </datafield>
  <datafield tag="HOL" ind1=" " ind2=" ">
    <subfield code="b">2021-04-19 04:40:01</subfield>
    <subfield code="8">22252165960006442</subfield>
    <subfield code="M">49HBZ_BIE</subfield>
    <subfield code="g">false</subfield>
    <subfield code="a">import</subfield>
  </datafield>
  <datafield tag="ITM" ind1=" " ind2=" ">
    <subfield code="H">22252165960006442</subfield>
    <subfield code="x">11_Mono</subfield>
    <subfield code="f">BOOK</subfield>
    <subfield code="v">11_Mono</subfield>
    <subfield code="p">item_00</subfield>
    <subfield code="X">Cutover_Fix_OSID</subfield>
    <subfield code="U">2021-04-18 12:59:00 Europe/Berlin</subfield>
    <subfield code="Y">2021-04-19 06:40:31 Europe/Berlin</subfield>
    <subfield code="h">false</subfield>
    <subfield code="M">49HBZ_BIE</subfield>
    <subfield code="s">1</subfield>
    <subfield code="d">8</subfield>
    <subfield code="V">import</subfield>
    <subfield code="L">Abteilung/Standort/Haushaltsstufe: 11 | SISIS-Magazindrucker: 0 | HBZ01: HT005271161 | Keine Beilagen: 1</subfield>
    <subfield code="b">110/0222498+01</subfield>
    <subfield code="O">SISIS-Ausleihzähler vorletztes Migrationsjahr: 0 | SISIS-Vormerkzähler Migrationsjahr: 0 | SISIS-Buchdaten-Aufnahmedatum: 2002-01-29</subfield>
    <subfield code="N">Fernleihkonditionen: 3 | Sigel: 361 | Klassifikation: 11_Mono | Altersbegrenzung: 0 | SISIS-Ausleihzähler Migrationsjahr: 0 | SISIS-Ausleihzähler Vor-Migrationsjahr: 0</subfield>
    <subfield code="a">23252165950006442</subfield>
    <subfield code="c">KV315.5 S9V5</subfield>
    <subfield code="W">2021-04-19 06:40:01 Europe/Berlin</subfield>
    <subfield code="u">UB_BI</subfield>
    <subfield code="w">UB_BI</subfield>
  </datafield>
  <datafield tag="H52" ind1="8" ind2=" ">
    <subfield code="b">HIS</subfield>
    <subfield code="c">HIS_BIB</subfield>
    <subfield code="h">Pk 10.01.30/4</subfield>
    <subfield code="8">22118571000006471</subfield>
  </datafield>
  <datafield tag="HOL" ind1=" " ind2=" ">
    <subfield code="b">2023-07-30 15:18:04</subfield>
    <subfield code="8">22118571000006471</subfield>
    <subfield code="M">49HBZ_UBO</subfield>
    <subfield code="g">false</subfield>
    <subfield code="a">import</subfield>
  </datafield>
  <datafield tag="ITM" ind1=" " ind2=" ">
    <subfield code="H">22118571000006471</subfield>
    <subfield code="x">HIS_BIB</subfield>
    <subfield code="f">BOOK</subfield>
    <subfield code="v">HIS_BIB</subfield>
    <subfield code="p">X</subfield>
    <subfield code="X">AMO_TL2_FIX</subfield>
    <subfield code="U">2023-07-30 12:59:00 Europe/Berlin</subfield>
    <subfield code="Y">2023-07-31 18:08:30 Europe/Berlin</subfield>
    <subfield code="h">false</subfield>
    <subfield code="n">Pk 10.01.30/4</subfield>
    <subfield code="G">1</subfield>
    <subfield code="M">49HBZ_UBO</subfield>
    <subfield code="s">1</subfield>
    <subfield code="d">8</subfield>
    <subfield code="V">import</subfield>
    <subfield code="L">2.Sig/InvNr: 84/784 | HBZ01: HT005271161 | Anzahl  Beilagen: 1</subfield>
    <subfield code="b">TEMP306538</subfield>
    <subfield code="O">SISIS-Vormerkzähler Migrationsjahr: 0 | SISIS-Buchdaten-Aufnahmedatum: 2014-01-23</subfield>
    <subfield code="N">Sigel: 294/11 | Klassifikation: 0 | SISIS-Ausleihzähler Migrationsjahr: 0</subfield>
    <subfield code="a">23118570990006471</subfield>
    <subfield code="c">Pk 10.01.30/4</subfield>
    <subfield code="W">2023-07-30 17:18:04 Europe/Berlin</subfield>
    <subfield code="u">HIS</subfield>
    <subfield code="w">HIS</subfield>
  </datafield>
  <datafield tag="H52" ind1=" " ind2=" ">
    <subfield code="b">38-208</subfield>
    <subfield code="c">38-208-VR</subfield>
    <subfield code="8">22290695200006476</subfield>
  </datafield>
  <datafield tag="HOL" ind1=" " ind2=" ">
    <subfield code="b">2023-08-22 15:07:24</subfield>
    <subfield code="8">22290695200006476</subfield>
    <subfield code="M">49HBZ_UBK</subfield>
    <subfield code="g">false</subfield>
    <subfield code="a">import</subfield>
  </datafield>
  <datafield tag="H52" ind1=" " ind2=" ">
    <subfield code="b">38</subfield>
    <subfield code="c">38-MAG</subfield>
    <subfield code="8">22290695220006476</subfield>
  </datafield>
  <datafield tag="HOL" ind1=" " ind2=" ">
    <subfield code="b">2023-08-22 15:07:24</subfield>
    <subfield code="8">22290695220006476</subfield>
    <subfield code="M">49HBZ_UBK</subfield>
    <subfield code="g">false</subfield>
    <subfield code="a">import</subfield>
  </datafield>
  <datafield tag="ITM" ind1=" " ind2=" ">
    <subfield code="H">22290695220006476</subfield>
    <subfield code="x">38-MAG</subfield>
    <subfield code="f">BOOK</subfield>
    <subfield code="v">38-MAG</subfield>
    <subfield code="p">A</subfield>
    <subfield code="X">AMO_HBZ_FIX</subfield>
    <subfield code="U">2023-08-21 12:59:00 Europe/Berlin</subfield>
    <subfield code="Y">2023-08-24 04:52:25 Europe/Berlin</subfield>
    <subfield code="h">false</subfield>
    <subfield code="n">Gc757</subfield>
    <subfield code="G">1</subfield>
    <subfield code="M">49HBZ_UBK</subfield>
    <subfield code="s">1</subfield>
    <subfield code="d">#</subfield>
    <subfield code="V">import</subfield>
    <subfield code="b">Gc757</subfield>
    <subfield code="O">HBZ01: HT005271161 | Klassifikation: 0</subfield>
    <subfield code="a">23290695210006476</subfield>
    <subfield code="W">2023-08-22 17:07:24 Europe/Berlin</subfield>
    <subfield code="u">38</subfield>
    <subfield code="w">38</subfield>
  </datafield>
  <datafield tag="ITM" ind1=" " ind2=" ">
    <subfield code="H">22290695200006476</subfield>
    <subfield code="x">38-208-VR</subfield>
    <subfield code="f">BOOK</subfield>
    <subfield code="v">38-208-VR</subfield>
    <subfield code="p">X</subfield>
    <subfield code="X">AMO_HBZ_FIX</subfield>
    <subfield code="U">2023-08-21 12:59:00 Europe/Berlin</subfield>
    <subfield code="Y">2023-08-24 04:52:25 Europe/Berlin</subfield>
    <subfield code="h">false</subfield>
    <subfield code="n">208/VR/ÖR/SU41/1</subfield>
    <subfield code="G">1</subfield>
    <subfield code="M">49HBZ_UBK</subfield>
    <subfield code="s">1</subfield>
    <subfield code="d">#</subfield>
    <subfield code="V">import</subfield>
    <subfield code="b">208/0032920</subfield>
    <subfield code="O">HBZ01: HT005271161 | Aufnahmedatum: 2022-05-31 | Klassifikation: 0</subfield>
    <subfield code="a">23290695190006476</subfield>
    <subfield code="W">2023-08-22 17:07:24 Europe/Berlin</subfield>
    <subfield code="u">38-208</subfield>
    <subfield code="w">38-208</subfield>
  </datafield>
  <datafield tag="H52" ind1="8" ind2=" ">
    <subfield code="b">RWS1</subfield>
    <subfield code="c">RWS1_BIB</subfield>
    <subfield code="h">AuslÖR VIII B 13</subfield>
    <subfield code="8">22561372550006449</subfield>
  </datafield>
  <datafield tag="HOL" ind1=" " ind2=" ">
    <subfield code="b">2022-07-11 11:25:35</subfield>
    <subfield code="8">22561372550006449</subfield>
    <subfield code="M">49HBZ_ULM</subfield>
    <subfield code="g">false</subfield>
    <subfield code="a">import</subfield>
  </datafield>
  <datafield tag="ITM" ind1=" " ind2=" ">
    <subfield code="H">22561372550006449</subfield>
    <subfield code="x">RWS1_BIB</subfield>
    <subfield code="f">BOOK</subfield>
    <subfield code="v">RWS1_BIB</subfield>
    <subfield code="X">AMO_TL2_FIX</subfield>
    <subfield code="U">2022-07-10 12:59:00 Europe/Berlin</subfield>
    <subfield code="Y">2022-07-12 13:10:54 Europe/Berlin</subfield>
    <subfield code="h">false</subfield>
    <subfield code="Q">SISIS-Ausleihzähler Migrationsjahr: 0 | SISIS-Ausleihzähler Vor-Migrationsjahr: 0 | SISIS-Ausleihzähler vorletztes Migrationsjahr: 0</subfield>
    <subfield code="M">49HBZ_ULM</subfield>
    <subfield code="s">1</subfield>
    <subfield code="d">8</subfield>
    <subfield code="V">import</subfield>
    <subfield code="b">Z25-033835</subfield>
    <subfield code="O">Fernleihkonditionen: 3</subfield>
    <subfield code="a">23561372540006449</subfield>
    <subfield code="R">DBS-Systematik: 0</subfield>
    <subfield code="c">AuslÖR VIII B 13</subfield>
    <subfield code="W">2022-07-11 13:25:35 Europe/Berlin</subfield>
    <subfield code="u">RWS1</subfield>
    <subfield code="w">RWS1</subfield>
  </datafield>
  <datafield tag="GKT" ind1="2" ind2=" ">
    <subfield code="a">Deutsche Akademie für Staats- und Rechtswissenschaft Walter Ulbricht</subfield>
    <subfield code="b">Deutsches Institut für Rechtswissenschaft</subfield>
    <subfield code="A">GND</subfield>
    <subfield code="B">GND-000371564</subfield>
    <subfield code="C">410</subfield>
  </datafield>
  <datafield tag="GKT" ind1="2" ind2=" ">
    <subfield code="a">Institut für Rechtswissenschaft</subfield>
    <subfield code="g">Potsdam-Babelsberg</subfield>
    <subfield code="A">GND</subfield>
    <subfield code="B">GND-000371564</subfield>
    <subfield code="C">410</subfield>
  </datafield>
  <datafield tag="GSI" ind1="7" ind2=" ">
    <subfield code="a">37156-7</subfield>
    <subfield code="0">http://d-nb.info/gnd/37156-7</subfield>
    <subfield code="2">gnd</subfield>
    <subfield code="A">GND</subfield>
    <subfield code="B">GND-000371564</subfield>
    <subfield code="C">024</subfield>
  </datafield>
  <datafield tag="GKT" ind1="2" ind2=" ">
    <subfield code="a">Institut Juridičeskich Nauk</subfield>
    <subfield code="g">Moskau</subfield>
    <subfield code="A">GND</subfield>
    <subfield code="B">GND-000257230</subfield>
    <subfield code="C">410</subfield>
  </datafield>
  <datafield tag="GKT" ind1="2" ind2=" ">
    <subfield code="a">Unionsinstitut der Rechtswissenschaften</subfield>
    <subfield code="g">Moskau</subfield>
    <subfield code="A">GND</subfield>
    <subfield code="B">GND-000257230</subfield>
    <subfield code="C">410</subfield>
  </datafield>
  <datafield tag="GKT" ind1="2" ind2=" ">
    <subfield code="a">Vsesojuznyj Institut Juridičeskich Nauk Ministerstva Justicii SSSR</subfield>
    <subfield code="A">GND</subfield>
    <subfield code="B">GND-000257230</subfield>
    <subfield code="C">410</subfield>
  </datafield>
  <datafield tag="GKT" ind1="2" ind2=" ">
    <subfield code="a">Ministerstvo Justicii SSSR</subfield>
    <subfield code="b">Vsesojuznyj Institut Juridičeskich Nauk</subfield>
    <subfield code="A">GND</subfield>
    <subfield code="B">GND-000257230</subfield>
    <subfield code="C">410</subfield>
  </datafield>
  <datafield tag="GKT" ind1="2" ind2=" ">
    <subfield code="a">SSSR</subfield>
    <subfield code="b">Ministerstvo Justicii</subfield>
    <subfield code="b">Vsesojuznyj Institut Juridičeskich Nauk</subfield>
    <subfield code="A">GND</subfield>
    <subfield code="B">GND-000257230</subfield>
    <subfield code="C">410</subfield>
  </datafield>
  <datafield tag="GKT" ind1="2" ind2=" ">
    <subfield code="a">Institut Juridičeskich Nauk</subfield>
    <subfield code="g">Moskva</subfield>
    <subfield code="A">GND</subfield>
    <subfield code="B">GND-000257230</subfield>
    <subfield code="C">410</subfield>
  </datafield>
  <datafield tag="GKT" ind1="2" ind2=" ">
    <subfield code="a">Vsesojuznyj Institut Juridičeskich Nauk</subfield>
    <subfield code="g">Moskva</subfield>
    <subfield code="A">GND</subfield>
    <subfield code="B">GND-000257230</subfield>
    <subfield code="C">410</subfield>
  </datafield>
  <datafield tag="GKT" ind1="2" ind2=" ">
    <subfield code="9">U:Cyrl</subfield>
    <subfield code="a">Институт юридических наук</subfield>
    <subfield code="g">Москва</subfield>
    <subfield code="5">DE-576</subfield>
    <subfield code="A">GND</subfield>
    <subfield code="B">GND-000257230</subfield>
    <subfield code="C">410</subfield>
  </datafield>
  <datafield tag="GSI" ind1="7" ind2=" ">
    <subfield code="a">25723-0</subfield>
    <subfield code="0">http://d-nb.info/gnd/25723-0</subfield>
    <subfield code="2">gnd</subfield>
    <subfield code="A">GND</subfield>
    <subfield code="B">GND-000257230</subfield>
    <subfield code="C">024</subfield>
  </datafield>
  <datafield tag="GST" ind1=" " ind2=" ">
    <subfield code="a">Verwaltungsrecht</subfield>
    <subfield code="x">Allgemeiner Teil</subfield>
    <subfield code="A">GND</subfield>
    <subfield code="B">GND-041173678</subfield>
    <subfield code="C">450</subfield>
  </datafield>
  <datafield tag="GSI" ind1="7" ind2=" ">
    <subfield code="a">4117367-3</subfield>
    <subfield code="0">http://d-nb.info/gnd/4117367-3</subfield>
    <subfield code="2">gnd</subfield>
    <subfield code="A">GND</subfield>
    <subfield code="B">GND-041173678</subfield>
    <subfield code="C">024</subfield>
  </datafield>
  <datafield tag="GSI" ind1="7" ind2=" ">
    <subfield code="a">4077548-3</subfield>
    <subfield code="0">http://d-nb.info/gnd/4077548-3</subfield>
    <subfield code="2">gnd</subfield>
    <subfield code="A">GND</subfield>
    <subfield code="B">GND-040775488</subfield>
    <subfield code="C">024</subfield>
  </datafield>
  <datafield tag="GGN" ind1=" " ind2=" ">
    <subfield code="a">UdSSR</subfield>
    <subfield code="4">abku</subfield>
    <subfield code="i">Abkuerzung</subfield>
    <subfield code="A">GND</subfield>
    <subfield code="B">GND-040775488</subfield>
    <subfield code="C">451</subfield>
  </datafield>
  <datafield tag="GGN" ind1=" " ind2=" ">
    <subfield code="a">SSSR</subfield>
    <subfield code="4">abku</subfield>
    <subfield code="i">Abkuerzung</subfield>
    <subfield code="A">GND</subfield>
    <subfield code="B">GND-040775488</subfield>
    <subfield code="C">451</subfield>
  </datafield>
  <datafield tag="GGN" ind1=" " ind2=" ">
    <subfield code="a">Republik-Republik Kesatuan Soviet Sosialis</subfield>
    <subfield code="A">GND</subfield>
    <subfield code="B">GND-040775488</subfield>
    <subfield code="C">451</subfield>
  </datafield>
  <datafield tag="GGN" ind1=" " ind2=" ">
    <subfield code="a">Sojuz Sovetskich Socialističeskich Respublik</subfield>
    <subfield code="A">GND</subfield>
    <subfield code="B">GND-040775488</subfield>
    <subfield code="C">451</subfield>
  </datafield>
  <datafield tag="GGN" ind1=" " ind2=" ">
    <subfield code="a">Union der Sozialistischen Sowjet-Republiken</subfield>
    <subfield code="A">GND</subfield>
    <subfield code="B">GND-040775488</subfield>
    <subfield code="C">451</subfield>
  </datafield>
  <datafield tag="GGN" ind1=" " ind2=" ">
    <subfield code="a">Union der SSR</subfield>
    <subfield code="A">GND</subfield>
    <subfield code="B">GND-040775488</subfield>
    <subfield code="C">451</subfield>
  </datafield>
  <datafield tag="GGN" ind1=" " ind2=" ">
    <subfield code="a">Union of Soviet Socialist Republics</subfield>
    <subfield code="A">GND</subfield>
    <subfield code="B">GND-040775488</subfield>
    <subfield code="C">451</subfield>
  </datafield>
  <datafield tag="GGN" ind1=" " ind2=" ">
    <subfield code="a">USSR</subfield>
    <subfield code="4">abku</subfield>
    <subfield code="i">Abkuerzung</subfield>
    <subfield code="A">GND</subfield>
    <subfield code="B">GND-040775488</subfield>
    <subfield code="C">451</subfield>
  </datafield>
  <datafield tag="GGN" ind1=" " ind2=" ">
    <subfield code="a">Union des Républiques Socialistes Soviétiques</subfield>
    <subfield code="A">GND</subfield>
    <subfield code="B">GND-040775488</subfield>
    <subfield code="C">451</subfield>
  </datafield>
  <datafield tag="GGN" ind1=" " ind2=" ">
    <subfield code="a">URSS</subfield>
    <subfield code="4">abku</subfield>
    <subfield code="i">Abkuerzung</subfield>
    <subfield code="A">GND</subfield>
    <subfield code="B">GND-040775488</subfield>
    <subfield code="C">451</subfield>
  </datafield>
  <datafield tag="GGN" ind1=" " ind2=" ">
    <subfield code="a">Russland</subfield>
    <subfield code="g">1923-1991</subfield>
    <subfield code="A">GND</subfield>
    <subfield code="B">GND-040775488</subfield>
    <subfield code="C">451</subfield>
  </datafield>
  <datafield tag="GGN" ind1=" " ind2=" ">
    <subfield code="a">Russia</subfield>
    <subfield code="g">1923-1991</subfield>
    <subfield code="A">GND</subfield>
    <subfield code="B">GND-040775488</subfield>
    <subfield code="C">451</subfield>
  </datafield>
  <datafield tag="GGN" ind1=" " ind2=" ">
    <subfield code="a">Padomju Sociālistiko Republiku Savienība</subfield>
    <subfield code="A">GND</subfield>
    <subfield code="B">GND-040775488</subfield>
    <subfield code="C">451</subfield>
  </datafield>
  <datafield tag="GGN" ind1=" " ind2=" ">
    <subfield code="a">PSRS</subfield>
    <subfield code="4">abku</subfield>
    <subfield code="i">Abkuerzung</subfield>
    <subfield code="A">GND</subfield>
    <subfield code="B">GND-040775488</subfield>
    <subfield code="C">451</subfield>
  </datafield>
  <datafield tag="GGN" ind1=" " ind2=" ">
    <subfield code="a">SSṘM</subfield>
    <subfield code="4">abku</subfield>
    <subfield code="i">Abkuerzung</subfield>
    <subfield code="A">GND</subfield>
    <subfield code="B">GND-040775488</subfield>
    <subfield code="C">451</subfield>
  </datafield>
  <datafield tag="GGN" ind1=" " ind2=" ">
    <subfield code="a">ZSSR</subfield>
    <subfield code="4">abku</subfield>
    <subfield code="i">Abkuerzung</subfield>
    <subfield code="A">GND</subfield>
    <subfield code="B">GND-040775488</subfield>
    <subfield code="C">451</subfield>
  </datafield>
  <datafield tag="GGN" ind1=" " ind2=" ">
    <subfield code="a">TSRS</subfield>
    <subfield code="4">abku</subfield>
    <subfield code="i">Abkuerzung</subfield>
    <subfield code="A">GND</subfield>
    <subfield code="B">GND-040775488</subfield>
    <subfield code="C">451</subfield>
  </datafield>
  <datafield tag="GGN" ind1=" " ind2=" ">
    <subfield code="a">Savez Sovjetskih Socijalističkih Republika</subfield>
    <subfield code="A">GND</subfield>
    <subfield code="B">GND-040775488</subfield>
    <subfield code="C">451</subfield>
  </datafield>
  <datafield tag="GGN" ind1=" " ind2=" ">
    <subfield code="a">Soviet Union</subfield>
    <subfield code="A">GND</subfield>
    <subfield code="B">GND-040775488</subfield>
    <subfield code="C">451</subfield>
  </datafield>
  <datafield tag="GGN" ind1=" " ind2=" ">
    <subfield code="a">SSHM</subfield>
    <subfield code="4">abku</subfield>
    <subfield code="i">Abkuerzung</subfield>
    <subfield code="A">GND</subfield>
    <subfield code="B">GND-040775488</subfield>
    <subfield code="C">451</subfield>
  </datafield>
  <datafield tag="GGN" ind1=" " ind2=" ">
    <subfield code="a">Sojuz Radjans'kich Sozialističnich Respublik</subfield>
    <subfield code="A">GND</subfield>
    <subfield code="B">GND-040775488</subfield>
    <subfield code="C">451</subfield>
  </datafield>
  <datafield tag="GGN" ind1=" " ind2=" ">
    <subfield code="a">SRSR</subfield>
    <subfield code="4">abku</subfield>
    <subfield code="i">Abkuerzung</subfield>
    <subfield code="A">GND</subfield>
    <subfield code="B">GND-040775488</subfield>
    <subfield code="C">451</subfield>
  </datafield>
  <datafield tag="GGN" ind1=" " ind2=" ">
    <subfield code="a">Şyra Sosjalist Cumhyrijjẹtlẹri Ittifakĭ</subfield>
    <subfield code="A">GND</subfield>
    <subfield code="B">GND-040775488</subfield>
    <subfield code="C">451</subfield>
  </datafield>
  <datafield tag="GGN" ind1=" " ind2=" ">
    <subfield code="a">Šura Socialist Gümhurietleri Ittipaky</subfield>
    <subfield code="A">GND</subfield>
    <subfield code="B">GND-040775488</subfield>
    <subfield code="C">451</subfield>
  </datafield>
  <datafield tag="GGN" ind1=" " ind2=" ">
    <subfield code="a">Šura Sosyalist Ǧümhuriyetleri Ittifaqï</subfield>
    <subfield code="A">GND</subfield>
    <subfield code="B">GND-040775488</subfield>
    <subfield code="C">451</subfield>
  </datafield>
  <datafield tag="GGN" ind1=" " ind2=" ">
    <subfield code="a">SSCB</subfield>
    <subfield code="4">abku</subfield>
    <subfield code="i">Abkuerzung</subfield>
    <subfield code="A">GND</subfield>
    <subfield code="B">GND-040775488</subfield>
    <subfield code="C">451</subfield>
  </datafield>
  <datafield tag="GGN" ind1=" " ind2=" ">
    <subfield code="9">U:Cyrl</subfield>
    <subfield code="9">L:rus</subfield>
    <subfield code="a">Союз Советских Социалистических Республик</subfield>
    <subfield code="5">DE-576</subfield>
    <subfield code="A">GND</subfield>
    <subfield code="B">GND-040775488</subfield>
    <subfield code="C">451</subfield>
  </datafield>
  <datafield tag="GGN" ind1=" " ind2=" ">
    <subfield code="9">U:Cyrl</subfield>
    <subfield code="9">L:rus</subfield>
    <subfield code="a">СССР</subfield>
    <subfield code="5">DE-576</subfield>
    <subfield code="A">GND</subfield>
    <subfield code="B">GND-040775488</subfield>
    <subfield code="C">451</subfield>
  </datafield>
</record>
